@inproceedings{Peters:1994:GTO:186258.186508,
 author = {Peters, Dennis and Parnas, David L.},
 title = {Generating a Test Oracle from Program Documentation: Work in Progress},
 booktitle = {Proceedings of the 1994 ACM SIGSOFT International Symposium on Software Testing and Analysis},
 series = {ISSTA '94},
 year = {1994},
 isbn = {0-89791-683-2},
 location = {Seattle, Washington, USA},
 pages = {58--65},
 numpages = {8},
 url = {http://doi.acm.org/10.1145/186258.186508},
 doi = {10.1145/186258.186508},
 acmid = {186508},
 publisher = {ACM},
 address = {New York, NY, USA},
}
@techreport{harman2013comprehensive,
  title={A comprehensive survey of trends in oracles for software testing},
  author={Harman, Mark and McMinn, Phil and Shahbaz, Muzammil and Yoo, Shin},
  year={2013},
  institution={Technical Report Research Memoranda CS-13-01, Department of Computer Science, University of Sheffield}
}
@article{manolache2001software,
  title={Software testing using model programs},
  author={Manolache, LI and Kourie, Derrick G.},
  journal={Software: Practice and Experience},
  volume={31},
  number={13},
  pages={1211--1236},
  year={2001},
  publisher={Wiley Online Library}
}
@inproceedings{mcminn2010reducing,
  title={Reducing qualitative human oracle costs associated with automatically generated test data},
  author={McMinn, Phil and Stevenson, Mark and Harman, Mark},
  booktitle={Proceedings of the First International Workshop on Software Test Output Validation},
  pages={1--4},
  year={2010},
  organization={ACM}
}
@inproceedings{zhou2004metamorphic,
  title={Metamorphic testing and its applications},
  author={Zhou, Zhi Quan and Huang, DH and Tse, TH and Yang, Zongyuan and Huang, Haitao and Chen, TY},
  booktitle={Proceedings of the 8th International Symposium on Future Software Technology (ISFST 2004)},
  pages={346--351},
  year={2004}
}
@article{doESE05,
    author    = {Hyunsook Do and
                Sebastian G. Elbaum and
                Gregg Rothermel},
    title     = {Supporting Controlled Experimentation with Testing Techniques:
                An Infrastructure and its Potential Impact.},
    journal   = {Empirical Software Engineering: An International Journal},
    volume    = {10},
    number    = {4},
    pages     = {405--435},
    year      = {2005},
}
@article{xie2013theoretical,
  title={A Theoretical Analysis of the Risk Evaluation Formulas for Spectrum-Based Fault Localization},
  author={XIE, XIAOYUAN and CHEN, TSONG YUEH and KUO, FEI-CHING and XU, BAOWEN},
  journal={ACM Transactions on Software Engineering and Methodology (TOSEM)},
  year={2013}
}
@article{rothermel2002empirical,
  title={Empirical studies of test-suite reduction},
  author={Rothermel, Gregg and Harrold, Mary Jean and Von Ronne, Jeffery and Hong, Christie},
  journal={Software Testing, Verification and Reliability},
  volume={12},
  number={4},
  pages={219--249},
  year={2002},
  publisher={Wiley Online Library}
}
@inproceedings{wong1995effect,
  title={Effect of test set minimization on fault detection effectiveness},
  author={Wong, W Eric and Horgan, Joseph R and London, Saul and Mathur, Aditya P},
  booktitle={Software Engineering, 1995. ICSE 1995. 17th International Conference on},
  pages={41--41},
  year={1995},
  organization={IEEE}
}
@article{wong1999test,
  title={Test set size minimization and fault detection effectiveness: A case study in a space application},
  author={Wong, W Eric and Horgan, Joseph R and Mathur, Aditya P and Pasquini, Alberto},
  journal={Journal of Systems and Software},
  volume={48},
  number={2},
  pages={79--89},
  year={1999},
  publisher={Elsevier}
}
@misc{ wiki:tf-idf,
   author = "Wikipedia",
   title = "Tf-idf --- Wikipedia{,} The Free Encyclopedia",
   year = "2014",
   url = "http://en.wikipedia.org/w/index.php?title=Tf%E2%80%93idf&oldid=589593815",
   note = "[Online; accessed 21-January-2014]"
}
@inproceedings{jones2002visualization,
   title={Visualization of test information to assist fault localization},
   author={Jones, James A and Harrold, Mary Jean and Stasko, John},
   booktitle={Proceedings of the 24th international conference on Software engineering},
   pages={467--477},
   year={2002},
   organization={ACM}
}

%---related works

@article{murphy2010automatic,
  title={Automatic Detection of Defects in Applications without Test Oracles},
  author={Murphy, Christian and Kaiser, Gail E},
  year={2010},
  publisher={Department of Computer Science, Columbia University}
}
@inproceedings{Murphy:2009:AST:1572272.1572295,
 author = {Murphy, Christian and Shen, Kuang and Kaiser, Gail},
 title = {Automatic System Testing of Programs Without Test Oracles},
 booktitle = {Proceedings of the Eighteenth International Symposium on Software Testing and Analysis},
 series = {ISSTA '09},
 year = {2009},
 isbn = {978-1-60558-338-9},
 location = {Chicago, IL, USA},
 pages = {189--200},
 numpages = {12},
 url = {http://doi.acm.org/10.1145/1572272.1572295},
 doi = {10.1145/1572272.1572295},
 acmid = {1572295},
 publisher = {ACM},
 address = {New York, NY, USA},
 keywords = {metamorphic testing, oracle problem, software testing},
} 

@article{Memon:2000:ATO:357474.355050,
 author = {Memon, Atif M. and Pollack, Martha E. and Soffa, Mary Lou},
 title = {Automated Test Oracles for GUIs},
 journal = {SIGSOFT Softw. Eng. Notes},
 issue_date = {Nov. 2000},
 volume = {25},
 number = {6},
 month = nov,
 year = {2000},
 issn = {0163-5948},
 pages = {30--39},
 numpages = {10},
 url = {http://doi.acm.org/10.1145/357474.355050},
 doi = {10.1145/357474.355050},
 acmid = {355050},
 publisher = {ACM},
 address = {New York, NY, USA},
 keywords = {GUI test oracles, GUI testing, automated oracles},
}
@article{cheon2005complete,
  title={A complete automation of unit testing for java programs},
  author={Cheon, Yoonsik and Kim, Myoung Yee and Perumandla, Ashaveena},
  year={2005}
}
@article{Aggarwal:2004:NNB:986710.986725,
 author = {Aggarwal, K. K. and Singh, Yogesh and Kaur, A. and Sangwan, O. P.},
 title = {A Neural Net Based Approach to Test Oracle},
 journal = {SIGSOFT Softw. Eng. Notes},
 issue_date = {May 2004},
 volume = {29},
 number = {3},
 month = may,
 year = {2004},
 issn = {0163-5948},
 pages = {1--6},
 numpages = {6},
 url = {http://doi.acm.org/10.1145/986710.986725},
 doi = {10.1145/986710.986725},
 acmid = {986725},
 publisher = {ACM},
 address = {New York, NY, USA},
 keywords = {Test Oracle, artificial neural networks, software testing},
} 
@article{Chen20031,
title = "Fault-based testing without the need of oracles ",
journal = "Information and Software Technology ",
volume = "45",
number = "1",
pages = "1 - 9",
year = "2003",
note = "",
issn = "0950-5849",
doi = "http://dx.doi.org/10.1016/S0950-5849(02)00129-5",
url = "http://www.sciencedirect.com/science/article/pii/S0950584902001295",
author = "T.Y. Chen and T.H. Tse and Z. Quan Zhou",
keywords = "Fault-based testing",
keywords = "Metamorphic testing",
keywords = "Oracle problem",
keywords = "Symbolic execution "
}
@INPROCEEDINGS{960614-chen-2001, 
author={Chen, T.Y. and Tse, T. H. and Zhiquan Zhou}, 
booktitle={Computer Software and Applications Conference, 2001. COMPSAC 2001. 25th Annual International}, 
title={Fault-based testing in the absence of an oracle}, 
year={2001}, 
pages={172-178}, 
keywords={integrated software;program testing;software quality;fault-based testing;integrated method;metamorphic testing;oracle problem;reliable test set problem;software quality;symbolic execution;Computer science;Councils;Error correction;Fault detection;Genetic mutations;Information systems;Power generation;Software quality;Software testing}, 
doi={10.1109/CMPSAC.2001.960614}, 
ISSN={0730-3157},
}
@ARTICLE{257793-1992, 
author={Brown, D.B. and Roggio, R.F. and Cross, J.H., II and McCreary, C.L.}, 
journal={Reliability, IEEE Transactions on}, 
title={An automated oracle for software testing}, 
year={1992}, 
volume={41}, 
number={2}, 
pages={272-280}, 
keywords={formal specification;program verification;software reliability;specification languages;IORL;automated oracle;automatic module verifier;formal specification language;software testing;Automatic testing;Books;Computer industry;Costs;Design engineering;Formal specifications;Logic testing;Software engineering;Software reliability;Software testing}, 
doi={10.1109/24.257793}, 
ISSN={0018-9529},
}
@inproceedings{Richardson:1992:STO:143062.143100,
 author = {Richardson, Debra J. and Aha, Stephanie Leif and O'Malley, T. Owen},
 title = {Specification-based Test Oracles for Reactive Systems},
 booktitle = {Proceedings of the 14th International Conference on Software Engineering},
 series = {ICSE '92},
 year = {1992},
 isbn = {0-89791-504-6},
 location = {Melbourne, Australia},
 pages = {105--118},
 numpages = {14},
 url = {http://doi.acm.org/10.1145/143062.143100},
 doi = {10.1145/143062.143100},
 acmid = {143100},
 publisher = {ACM},
 address = {New York, NY, USA},
} 

@inproceedings{Davis:1981:PNP:800175.809889,
 author = {Davis, Martin D. and Weyuker, Elaine J.},
 title = {Pseudo-oracles for Non-testable Programs},
 booktitle = {Proceedings of the ACM '81 Conference},
 series = {ACM '81},
 year = {1981},
 isbn = {0-89791-049-4},
 pages = {254--257},
 numpages = {4},
 url = {http://doi.acm.org/10.1145/800175.809889},
 doi = {10.1145/800175.809889},
 acmid = {809889},
 publisher = {ACM},
 address = {New York, NY, USA},
}

@ARTICLE{667877-documentation,
author={Peters, D.K. and Parnas, D.L.}, 
journal={Software Engineering, IEEE Transactions on}, 
title={Using test oracles generated from program documentation}, 
year={1998}, 
volume={24}, 
number={3}, 
pages={161-173}, 
keywords={finite state machines;formal specification;program testing;system documentation;LD-relations;algorithm;code;commercial network management application;error detection;in situ testing;program documentation;self-checking software construction;tabular notations;test evaluation accuracy;test evaluation speed;test oracles;unit testing;Application software;Automata;Automatic testing;Documentation;Formal specifications;Helium;Software engineering;Software maintenance;Software testing;System testing}, 
doi={10.1109/32.667877}, 
ISSN={0098-5589},}

@article{Abreu20091780,
title = "A practical evaluation of spectrum-based fault localization ",
journal = "Journal of Systems and Software ",
volume = "82",
number = "11",
pages = "1780 - 1792",
year = "2009",
note = "SI: \{TAIC\} \{PART\} 2007 and \{MUTATION\} 2007 ",
issn = "0164-1212",
doi = "http://dx.doi.org/10.1016/j.jss.2009.06.035",
url = "http://www.sciencedirect.com/science/article/pii/S0164121209001319",
author = "Rui Abreu and Peter Zoeteweij and Rob Golsteijn and Arjan J.C. van Gemund",
keywords = "Test data analysis",
keywords = "Software fault diagnosis",
keywords = "Program spectra",
keywords = "Real-time and embedded systems",
keywords = "Consumer electronics "
}

@inproceedings{Yu:2008:ESE:1368088.1368116,
 author = {Yu, Yanbing and Jones, James A. and Harrold, Mary Jean},
 title = {An Empirical Study of the Effects of Test-suite Reduction on Fault Localization},
 booktitle = {Proceedings of the 30th International Conference on Software Engineering},
 series = {ICSE '08},
 year = {2008},
 isbn = {978-1-60558-079-1},
 location = {Leipzig, Germany},
 pages = {201--210},
 numpages = {10},
 url = {http://doi.acm.org/10.1145/1368088.1368116},
 doi = {10.1145/1368088.1368116},
 acmid = {1368116},
 publisher = {ACM},
 address = {New York, NY, USA},
 keywords = {empirical study, fault localization, test-suite reduction},
} 

@article{Naish:2011:MSS:2000791.2000795,
 author = {Naish, Lee and Lee, Hua Jie and Ramamohanarao, Kotagiri},
 title = {A Model for Spectra-based Software Diagnosis},
 journal = {ACM Trans. Softw. Eng. Methodol.},
 issue_date = {August 2011},
 volume = {20},
 number = {3},
 month = aug,
 year = {2011},
 issn = {1049-331X},
 pages = {11:1--11:32},
 articleno = {11},
 numpages = {32},
 url = {http://doi.acm.org/10.1145/2000791.2000795},
 doi = {10.1145/2000791.2000795},
 acmid = {2000795},
 publisher = {ACM},
 address = {New York, NY, USA},
 keywords = {Fault localization, program spectra, statistical debugging},
}

@inproceedings{Jones:2005:EET:1101908.1101949,
 author = {Jones, James A. and Harrold, Mary Jean},
 title = {Empirical Evaluation of the Tarantula Automatic Fault-localization Technique},
 booktitle = {Proceedings of the 20th IEEE/ACM International Conference on Automated Software Engineering},
 series = {ASE '05},
 year = {2005},
 isbn = {1-58113-993-4},
 location = {Long Beach, CA, USA},
 pages = {273--282},
 numpages = {10},
 url = {http://doi.acm.org/10.1145/1101908.1101949},
 doi = {10.1145/1101908.1101949},
 acmid = {1101949},
 publisher = {ACM},
 address = {New York, NY, USA},
 keywords = {automated debugging, empirical study, fault localization, program analysis},
}

@INPROCEEDINGS{4041886, 
author={Abreu, R. and Zoeteweij, P. and van Gemund, A.J.C.}, 
booktitle={Dependable Computing, 2006. PRDC '06. 12th Pacific Rim International Symposium on}, 
title={An Evaluation of Similarity Coefficients for Software Fault Localization}, 
year={2006}, 
month={Dec}, 
pages={39-46}, 
keywords={fault diagnosis;probability;program debugging;program diagnostics;software fault tolerance;AMPLE;Ochiai coefficient;Pinpoint;Siemens Suite;Tarantula;automated debugging tools;automated software fault diagnosis;benchmark faults;dependable software;molecular biology;probability ranking;program spectral approach;similarity coefficients;software fault localization;Computer bugs;Computer science;Embedded system;Fault diagnosis;Mathematics;Particle measurements;Software debugging;Software reliability;Software testing;System testing}, 
doi={10.1109/PRDC.2006.18},
}

@inproceedings{miao2012identifying,
  title={Identifying Coincidental Correctness for Fault Localization by Clustering Test Cases.},
  author={Miao, Yi and Chen, Zhenyu and Li, Sihan and Zhao, Zhihong and Zhou, Yuming},
  booktitle={SEKE},
  pages={267--272},
  year={2012}
}

@INPROCEEDINGS{5477086, 
author={Masri, W. and Assi, R.A.}, 
booktitle={Software Testing, Verification and Validation (ICST), 2010 Third International Conference on}, 
title={Cleansing Test Suites from Coincidental Correctness to Enhance Fault-Localization}, 
year={2010}, 
month={April}, 
pages={165-174}, 
keywords={fault location;program testing;cleansing test suites;coincidental correctness;fault localization enhancement;infectious state;Computer science;Degradation;Fault diagnosis;Java;Safety;Software testing;Sufficient conditions;coincidental correctness;fault localization;software testing}, 
doi={10.1109/ICST.2010.22},}

@article{Masri:2014:PCC:2582050.2559932,
 author = {Masri, Wes and Assi, Rawad Abou},
 title = {Prevalence of Coincidental Correctness and Mitigation of Its Impact on Fault Localization},
 journal = {ACM Trans. Softw. Eng. Methodol.},
 issue_date = {February 2014},
 volume = {23},
 number = {1},
 month = feb,
 year = {2014},
 issn = {1049-331X},
 pages = {8:1--8:28},
 articleno = {8},
 numpages = {28},
 url = {http://doi.acm.org/10.1145/2559932},
 doi = {10.1145/2559932},
 acmid = {2559932},
 publisher = {ACM},
 address = {New York, NY, USA},
 keywords = {Coincidental correctness, cluster analysis, coverage-based fault localization, fuzzy sets, strong coincidental correctness, weak coincidental correctness},
} 

@inproceedings{Masri:2009:ESF:1555860.1555862,
 author = {Masri, Wes and Abou-Assi, Rawad and El-Ghali, Marwa and Al-Fatairi, Nour},
 title = {An Empirical Study of the Factors That Reduce the Effectiveness of Coverage-based Fault Localization},
 booktitle = {Proceedings of the 2Nd International Workshop on Defects in Large Software Systems: Held in Conjunction with the ACM SIGSOFT International Symposium on Software Testing and Analysis (ISSTA 2009)},
 series = {DEFECTS '09},
 year = {2009},
 isbn = {978-1-60558-654-0},
 location = {Chicago, Illinois},
 pages = {1--5},
 numpages = {5},
 url = {http://doi.acm.org/10.1145/1555860.1555862},
 doi = {10.1145/1555860.1555862},
 acmid = {1555862},
 publisher = {ACM},
 address = {New York, NY, USA},
 keywords = {Siemens test suite for Java, coincidental correctness, combinations of program elements, coverage-based fault localization, genetic algorithm},
}

@inproceedings{Wang:2009:TCC:1555001.1555022,
 author = {Wang, Xinming and Cheung, S. C. and Chan, W. K. and Zhang, Zhenyu},
 title = {Taming Coincidental Correctness: Coverage Refinement with Context Patterns to Improve Fault Localization},
 booktitle = {Proceedings of the 31st International Conference on Software Engineering},
 series = {ICSE '09},
 year = {2009},
 isbn = {978-1-4244-3453-4},
 pages = {45--55},
 numpages = {11},
 url = {http://dx.doi.org/10.1109/ICSE.2009.5070507},
 doi = {10.1109/ICSE.2009.5070507},
 acmid = {1555022},
 publisher = {IEEE Computer Society},
 address = {Washington, DC, USA},
}

@inproceedings{Kochhar:2014:BFM:2597073.2597105,
 author = {Kochhar, Pavneet Singh and Le, Tien-Duy B. and Lo, David},
 title = {It's Not a Bug, It's a Feature: Does Misclassification Affect Bug Localization?},
 booktitle = {Proceedings of the 11th Working Conference on Mining Software Repositories},
 series = {MSR 2014},
 year = {2014},
 isbn = {978-1-4503-2863-0},
 location = {Hyderabad, India},
 pages = {296--299},
 numpages = {4},
 url = {http://doi.acm.org/10.1145/2597073.2597105},
 doi = {10.1145/2597073.2597105},
 acmid = {2597105},
 publisher = {ACM},
 address = {New York, NY, USA},
 keywords = {Bug Localization, Misclassification},
}

@inproceedings{Herzig:2013:IBI:2486788.2486840,
 author = {Herzig, Kim and Just, Sascha and Zeller, Andreas},
 title = {It\&\#039;s Not a Bug, It\&\#039;s a Feature: How Misclassification Impacts Bug Prediction},
 booktitle = {Proceedings of the 2013 International Conference on Software Engineering},
 series = {ICSE '13},
 year = {2013},
 isbn = {978-1-4673-3076-3},
 location = {San Francisco, CA, USA},
 pages = {392--401},
 numpages = {10},
 url = {http://dl.acm.org/citation.cfm?id=2486788.2486840},
 acmid = {2486840},
 publisher = {IEEE Press},
 address = {Piscataway, NJ, USA},
}

@INPROCEEDINGS{6676912, 
author={Le, T.-D.B. and Thung, F. and Lo, D.}, 
booktitle={Software Maintenance (ICSM), 2013 29th IEEE International Conference on}, 
title={Theory and Practice, Do They Match? A Case with Spectrum-Based Fault Localization}, 
year={2013}, 
month={Sept}, 
pages={380-383}, 
keywords={program debugging;software fault tolerance;software metrics;statistical analysis;Ochiai;Tarantula;buggy program unit identification process;execution traces;faulty traces;normal traces;program unit suspiciousness measurement;software systems;spectrum-based fault localization;statistical formulas;Benchmark testing;Computer bugs;Educational institutions;Java;Security;Standards;XML;Empirical Study;Fault Localization;Program Spectra;Theory}, 
doi={10.1109/ICSM.2013.52}, 
ISSN={1063-6773},}

@inproceedings{Steimann:2013:TVV:2483760.2483767,
 author = {Steimann, Friedrich and Frenkel, Marcus and Abreu, Rui},
 title = {Threats to the Validity and Value of Empirical Assessments of the Accuracy of Coverage-based Fault Locators},
 booktitle = {Proceedings of the 2013 International Symposium on Software Testing and Analysis},
 series = {ISSTA 2013},
 year = {2013},
 isbn = {978-1-4503-2159-4},
 location = {Lugano, Switzerland},
 pages = {314--324},
 numpages = {11},
 url = {http://doi.acm.org/10.1145/2483760.2483767},
 doi = {10.1145/2483760.2483767},
 acmid = {2483767},
 publisher = {ACM},
 address = {New York, NY, USA},
 keywords = {Fault localization, Threats to validity},
} 
